@article{park2020efficient,
  author    = {박세진 and 한복규 and 문영식},
  title     = {효율적인 비정형 도로영역 인식을 위한 Semantic segmentation 기반 심층 신경망 구조},
  journal   = {한국정보통신학회논문지},
  volume    = {24},
  number    = {11},
  pages     = {1437--1444},
  year      = {2020},
  doi       = {10.6109/jkiice.2020.24.11.1437}
}